%YAML 1.1
%TAG !u! tag:unity3d.com,2011:
--- !u!1 &7719989187842475255
GameObject:
  m_ObjectHideFlags: 0
  m_CorrespondingSourceObject: {fileID: 0}
  m_PrefabInstance: {fileID: 0}
  m_PrefabAsset: {fileID: 0}
  serializedVersion: 6
  m_Component:
  - component: {fileID: 7719989187842475257}
  m_Layer: 10
  m_Name: Side3
  m_TagString: Untagged
  m_Icon: {fileID: 0}
  m_NavMeshLayer: 0
  m_StaticEditorFlags: 0
  m_IsActive: 1
--- !u!4 &7719989187842475257
Transform:
  m_ObjectHideFlags: 0
  m_CorrespondingSourceObject: {fileID: 0}
  m_PrefabInstance: {fileID: 0}
  m_PrefabAsset: {fileID: 0}
  m_GameObject: {fileID: 7719989187842475255}
  m_LocalRotation: {x: 0, y: 0, z: 0, w: 1}
  m_LocalPosition: {x: 1, y: 0, z: 0}
  m_LocalScale: {x: 1, y: 1, z: 1}
  m_Children: []
  m_Father: {fileID: 7719989188470109337}
  m_RootOrder: 3
  m_LocalEulerAnglesHint: {x: 0, y: 0, z: 0}
--- !u!1 &7719989187934968586
GameObject:
  m_ObjectHideFlags: 0
  m_CorrespondingSourceObject: {fileID: 0}
  m_PrefabInstance: {fileID: 0}
  m_PrefabAsset: {fileID: 0}
  serializedVersion: 6
  m_Component:
  - component: {fileID: 7719989187934968588}
  m_Layer: 10
  m_Name: Side4
  m_TagString: Untagged
  m_Icon: {fileID: 0}
  m_NavMeshLayer: 0
  m_StaticEditorFlags: 0
  m_IsActive: 1
--- !u!4 &7719989187934968588
Transform:
  m_ObjectHideFlags: 0
  m_CorrespondingSourceObject: {fileID: 0}
  m_PrefabInstance: {fileID: 0}
  m_PrefabAsset: {fileID: 0}
  m_GameObject: {fileID: 7719989187934968586}
  m_LocalRotation: {x: 0, y: 0, z: 0, w: 1}
  m_LocalPosition: {x: -0.97, y: 0, z: 0}
  m_LocalScale: {x: 1, y: 1, z: 1}
  m_Children: []
  m_Father: {fileID: 7719989188470109337}
  m_RootOrder: 4
  m_LocalEulerAnglesHint: {x: 0, y: 0, z: 0}
--- !u!1 &7719989188309899533
GameObject:
  m_ObjectHideFlags: 0
  m_CorrespondingSourceObject: {fileID: 0}
  m_PrefabInstance: {fileID: 0}
  m_PrefabAsset: {fileID: 0}
  serializedVersion: 6
  m_Component:
  - component: {fileID: 7719989188309899534}
  m_Layer: 10
  m_Name: Side1
  m_TagString: Untagged
  m_Icon: {fileID: 0}
  m_NavMeshLayer: 0
  m_StaticEditorFlags: 0
  m_IsActive: 1
--- !u!4 &7719989188309899534
Transform:
  m_ObjectHideFlags: 0
  m_CorrespondingSourceObject: {fileID: 0}
  m_PrefabInstance: {fileID: 0}
  m_PrefabAsset: {fileID: 0}
  m_GameObject: {fileID: 7719989188309899533}
  m_LocalRotation: {x: 0, y: 0, z: 0, w: 1}
  m_LocalPosition: {x: 0, y: 1.01, z: 0}
  m_LocalScale: {x: 1, y: 1, z: 1}
  m_Children: []
  m_Father: {fileID: 7719989188470109337}
  m_RootOrder: 1
  m_LocalEulerAnglesHint: {x: 0, y: 0, z: 0}
--- !u!1 &7719989188416919397
GameObject:
  m_ObjectHideFlags: 0
  m_CorrespondingSourceObject: {fileID: 0}
  m_PrefabInstance: {fileID: 0}
  m_PrefabAsset: {fileID: 0}
  serializedVersion: 6
  m_Component:
  - component: {fileID: 7719989188416919399}
  m_Layer: 10
  m_Name: Side5
  m_TagString: Untagged
  m_Icon: {fileID: 0}
  m_NavMeshLayer: 0
  m_StaticEditorFlags: 0
  m_IsActive: 1
--- !u!4 &7719989188416919399
Transform:
  m_ObjectHideFlags: 0
  m_CorrespondingSourceObject: {fileID: 0}
  m_PrefabInstance: {fileID: 0}
  m_PrefabAsset: {fileID: 0}
  m_GameObject: {fileID: 7719989188416919397}
  m_LocalRotation: {x: 0, y: 0, z: 0, w: 1}
  m_LocalPosition: {x: 0, y: 0, z: 0.88}
  m_LocalScale: {x: 1, y: 1, z: 1}
  m_Children: []
  m_Father: {fileID: 7719989188470109337}
  m_RootOrder: 5
  m_LocalEulerAnglesHint: {x: 0, y: 0, z: 0}
--- !u!1 &7719989188470109336
GameObject:
  m_ObjectHideFlags: 0
  m_CorrespondingSourceObject: {fileID: 0}
  m_PrefabInstance: {fileID: 0}
  m_PrefabAsset: {fileID: 0}
  serializedVersion: 6
  m_Component:
  - component: {fileID: 7719989188470109337}
  - component: {fileID: 7719989188470109338}
  - component: {fileID: 7719989188470109340}
  - component: {fileID: 7719989188470109339}
  m_Layer: 10
  m_Name: Dice
  m_TagString: Untagged
  m_Icon: {fileID: 0}
  m_NavMeshLayer: 0
  m_StaticEditorFlags: 0
  m_IsActive: 1
--- !u!4 &7719989188470109337
Transform:
  m_ObjectHideFlags: 0
  m_CorrespondingSourceObject: {fileID: 0}
  m_PrefabInstance: {fileID: 0}
  m_PrefabAsset: {fileID: 0}
  m_GameObject: {fileID: 7719989188470109336}
  m_LocalRotation: {x: 0.069763325, y: 0.2751241, z: 0.23487829, w: 0.92966235}
  m_LocalPosition: {x: -2.05, y: 15.09, z: -0.38}
  m_LocalScale: {x: 1, y: 1, z: 1}
  m_Children:
  - {fileID: 409989362119904922}
  - {fileID: 7719989188309899534}
  - {fileID: 7719989188798717493}
  - {fileID: 7719989187842475257}
  - {fileID: 7719989187934968588}
  - {fileID: 7719989188416919399}
  - {fileID: 7719989188953861950}
  m_Father: {fileID: 0}
  m_RootOrder: 0
  m_LocalEulerAnglesHint: {x: 0.027, y: 32.978, z: 28.366001}
--- !u!114 &7719989188470109338
MonoBehaviour:
  m_ObjectHideFlags: 0
  m_CorrespondingSourceObject: {fileID: 0}
  m_PrefabInstance: {fileID: 0}
  m_PrefabAsset: {fileID: 0}
  m_GameObject: {fileID: 7719989188470109336}
  m_Enabled: 1
  m_EditorHideFlags: 0
  m_Script: {fileID: 11500000, guid: 27fbd0a6587a5f64ba5634907b0fe267, type: 3}
  m_Name: 
  m_EditorClassIdentifier: 
  diseFallSpund: {fileID: 8300000, guid: 70bf6b7edec60064ca82cbf5c2a86422, type: 3}
  value: 0
  minSpeed: 200
  maxSpeed: 250
  side1: {fileID: 7719989188309899534}
  side2: {fileID: 7719989188798717493}
  side3: {fileID: 7719989187842475257}
  side4: {fileID: 7719989187934968588}
  side5: {fileID: 7719989188416919399}
  side6: {fileID: 7719989188953861950}
  rb: {fileID: 7719989188470109339}
  selfCoolider: {fileID: 7719989188470109340}
  isFall: 0
--- !u!65 &7719989188470109340
BoxCollider:
  m_ObjectHideFlags: 0
  m_CorrespondingSourceObject: {fileID: 0}
  m_PrefabInstance: {fileID: 0}
  m_PrefabAsset: {fileID: 0}
  m_GameObject: {fileID: 7719989188470109336}
  m_Material: {fileID: 13400000, guid: d12277b03119a4e48b1f95b2fb2ab35e, type: 2}
  m_IsTrigger: 0
  m_Enabled: 1
  serializedVersion: 2
  m_Size: {x: 2, y: 2, z: 2}
  m_Center: {x: 0, y: 0, z: 0}
--- !u!54 &7719989188470109339
Rigidbody:
  m_ObjectHideFlags: 0
  m_CorrespondingSourceObject: {fileID: 0}
  m_PrefabInstance: {fileID: 0}
  m_PrefabAsset: {fileID: 0}
  m_GameObject: {fileID: 7719989188470109336}
  serializedVersion: 2
  m_Mass: 150
  m_Drag: 0
  m_AngularDrag: 1
  m_UseGravity: 1
  m_IsKinematic: 0
  m_Interpolate: 0
  m_Constraints: 0
  m_CollisionDetection: 3
--- !u!1 &7719989188798717491
GameObject:
  m_ObjectHideFlags: 0
  m_CorrespondingSourceObject: {fileID: 0}
  m_PrefabInstance: {fileID: 0}
  m_PrefabAsset: {fileID: 0}
  serializedVersion: 6
  m_Component:
  - component: {fileID: 7719989188798717493}
  m_Layer: 10
  m_Name: Side2
  m_TagString: Untagged
  m_Icon: {fileID: 0}
  m_NavMeshLayer: 0
  m_StaticEditorFlags: 0
  m_IsActive: 1
--- !u!4 &7719989188798717493
Transform:
  m_ObjectHideFlags: 0
  m_CorrespondingSourceObject: {fileID: 0}
  m_PrefabInstance: {fileID: 0}
  m_PrefabAsset: {fileID: 0}
  m_GameObject: {fileID: 7719989188798717491}
  m_LocalRotation: {x: 0, y: 0, z: 0, w: 1}
  m_LocalPosition: {x: 0, y: 0, z: -1.09}
  m_LocalScale: {x: 1, y: 1, z: 1}
  m_Children: []
  m_Father: {fileID: 7719989188470109337}
  m_RootOrder: 2
  m_LocalEulerAnglesHint: {x: 0, y: 0, z: 0}
--- !u!1 &7719989188953861948
GameObject:
  m_ObjectHideFlags: 0
  m_CorrespondingSourceObject: {fileID: 0}
  m_PrefabInstance: {fileID: 0}
  m_PrefabAsset: {fileID: 0}
  serializedVersion: 6
  m_Component:
  - component: {fileID: 7719989188953861950}
  m_Layer: 10
  m_Name: Side6
  m_TagString: Untagged
  m_Icon: {fileID: 0}
  m_NavMeshLayer: 0
  m_StaticEditorFlags: 0
  m_IsActive: 1
--- !u!4 &7719989188953861950
Transform:
  m_ObjectHideFlags: 0
  m_CorrespondingSourceObject: {fileID: 0}
  m_PrefabInstance: {fileID: 0}
  m_PrefabAsset: {fileID: 0}
  m_GameObject: {fileID: 7719989188953861948}
  m_LocalRotation: {x: 0, y: 0, z: 0, w: 1}
  m_LocalPosition: {x: 0, y: -0.94, z: 0}
  m_LocalScale: {x: 1, y: 1, z: 1}
  m_Children: []
  m_Father: {fileID: 7719989188470109337}
  m_RootOrder: 6
  m_LocalEulerAnglesHint: {x: 0, y: 0, z: 0}
--- !u!1001 &7719989187474942088
PrefabInstance:
  m_ObjectHideFlags: 0
  serializedVersion: 2
  m_Modification:
    m_TransformParent: {fileID: 7719989188470109337}
    m_Modifications:
    - target: {fileID: 7967565263230204466, guid: c4513a0b81df1ef4fb1b76a895e3ef83,
        type: 3}
      propertyPath: m_Name
      value: Dice
      objectReference: {fileID: 0}
    - target: {fileID: 7967565263230204466, guid: c4513a0b81df1ef4fb1b76a895e3ef83,
        type: 3}
      propertyPath: m_Layer
      value: 10
      objectReference: {fileID: 0}
    - target: {fileID: 7967565263230232082, guid: c4513a0b81df1ef4fb1b76a895e3ef83,
        type: 3}
      propertyPath: m_LocalPosition.x
      value: 0
      objectReference: {fileID: 0}
    - target: {fileID: 7967565263230232082, guid: c4513a0b81df1ef4fb1b76a895e3ef83,
        type: 3}
      propertyPath: m_LocalPosition.y
      value: 0
      objectReference: {fileID: 0}
    - target: {fileID: 7967565263230232082, guid: c4513a0b81df1ef4fb1b76a895e3ef83,
        type: 3}
      propertyPath: m_LocalPosition.z
      value: 0
      objectReference: {fileID: 0}
    - target: {fileID: 7967565263230232082, guid: c4513a0b81df1ef4fb1b76a895e3ef83,
        type: 3}
      propertyPath: m_LocalRotation.x
      value: -0
      objectReference: {fileID: 0}
    - target: {fileID: 7967565263230232082, guid: c4513a0b81df1ef4fb1b76a895e3ef83,
        type: 3}
      propertyPath: m_LocalRotation.y
      value: -0
      objectReference: {fileID: 0}
    - target: {fileID: 7967565263230232082, guid: c4513a0b81df1ef4fb1b76a895e3ef83,
        type: 3}
      propertyPath: m_LocalRotation.z
      value: 0.000000008381903
      objectReference: {fileID: 0}
    - target: {fileID: 7967565263230232082, guid: c4513a0b81df1ef4fb1b76a895e3ef83,
        type: 3}
      propertyPath: m_LocalRotation.w
      value: 1
      objectReference: {fileID: 0}
    - target: {fileID: 7967565263230232082, guid: c4513a0b81df1ef4fb1b76a895e3ef83,
        type: 3}
      propertyPath: m_RootOrder
      value: 0
      objectReference: {fileID: 0}
    - target: {fileID: 7967565263230232082, guid: c4513a0b81df1ef4fb1b76a895e3ef83,
        type: 3}
      propertyPath: m_LocalEulerAnglesHint.x
      value: -14.620001
      objectReference: {fileID: 0}
    - target: {fileID: 7967565263230232082, guid: c4513a0b81df1ef4fb1b76a895e3ef83,
        type: 3}
      propertyPath: m_LocalEulerAnglesHint.y
      value: -21.948002
      objectReference: {fileID: 0}
    - target: {fileID: 7967565263230232082, guid: c4513a0b81df1ef4fb1b76a895e3ef83,
        type: 3}
      propertyPath: m_LocalEulerAnglesHint.z
      value: -1172.415
      objectReference: {fileID: 0}
    m_RemovedComponents: []
  m_SourcePrefab: {fileID: 100100000, guid: c4513a0b81df1ef4fb1b76a895e3ef83, type: 3}
--- !u!4 &409989362119904922 stripped
Transform:
  m_CorrespondingSourceObject: {fileID: 7967565263230232082, guid: c4513a0b81df1ef4fb1b76a895e3ef83,
    type: 3}
  m_PrefabInstance: {fileID: 7719989187474942088}
  m_PrefabAsset: {fileID: 0}
